<marcxml:record xmlns:marcxml="http://www.loc.gov/MARC21/slim">
  <marcxml:leader>01001nz  a2200241n  4500</marcxml:leader>
  <marcxml:controlfield tag="001">no90020105</marcxml:controlfield>
  <marcxml:controlfield tag="003">DLC</marcxml:controlfield>
  <marcxml:controlfield tag="005">19900928053407.1</marcxml:controlfield>
  <marcxml:controlfield tag="008">900921n| acazaaaa|          |a ana      </marcxml:controlfield>
  <marcxml:datafield tag="010" ind1=" " ind2=" ">
    <marcxml:subfield code="a">no 90020105 </marcxml:subfield>
  </marcxml:datafield>
  <marcxml:datafield tag="022" ind1=" " ind2=" ">
    <marcxml:subfield code="a">1105-011X</marcxml:subfield>
  </marcxml:datafield>
  <marcxml:datafield tag="040" ind1=" " ind2=" ">
    <marcxml:subfield code="a">DLC-S</marcxml:subfield>
    <marcxml:subfield code="c">DLC-S</marcxml:subfield>
  </marcxml:datafield>
  <marcxml:datafield tag="050" ind1=" " ind2=" ">
    <marcxml:subfield code="a">DF901.T75</marcxml:subfield>
    <marcxml:subfield code="b">T47</marcxml:subfield>
  </marcxml:datafield>
  <marcxml:datafield tag="130" ind1=" " ind2="0">
    <marcxml:subfield code="a">Thrakika (Athens, Greece : 1978)</marcxml:subfield>
  </marcxml:datafield>
  <marcxml:datafield tag="410" ind1="2" ind2="0">
    <marcxml:subfield code="a">Thrakiko Kentro (Athens, Greece).</marcxml:subfield>
    <marcxml:subfield code="t">Thrakika</marcxml:subfield>
  </marcxml:datafield>
  <marcxml:datafield tag="410" ind1="2" ind2="0">
    <marcxml:subfield code="a">Hetaireia Thrakikōn Meletōn.</marcxml:subfield>
    <marcxml:subfield code="t">Thrakika</marcxml:subfield>
  </marcxml:datafield>
  <marcxml:datafield tag="530" ind1=" " ind2="0">
    <marcxml:subfield code="w">a</marcxml:subfield>
    <marcxml:subfield code="a">Thrakika (Athens, Greece : 1928)</marcxml:subfield>
  </marcxml:datafield>
  <marcxml:datafield tag="643" ind1=" " ind2=" ">
    <marcxml:subfield code="a">Athēnai</marcxml:subfield>
    <marcxml:subfield code="b">Thrakiko Kentro</marcxml:subfield>
  </marcxml:datafield>
  <marcxml:datafield tag="644" ind1=" " ind2=" ">
    <marcxml:subfield code="a">n</marcxml:subfield>
    <marcxml:subfield code="5">DLC</marcxml:subfield>
  </marcxml:datafield>
  <marcxml:datafield tag="645" ind1=" " ind2=" ">
    <marcxml:subfield code="a">n</marcxml:subfield>
    <marcxml:subfield code="5">DLC</marcxml:subfield>
  </marcxml:datafield>
  <marcxml:datafield tag="646" ind1=" " ind2=" ">
    <marcxml:subfield code="a">c</marcxml:subfield>
    <marcxml:subfield code="5">DLC</marcxml:subfield>
  </marcxml:datafield>
  <marcxml:datafield tag="667" ind1=" " ind2=" ">
    <marcxml:subfield code="a">Formed by the union of: Thrakika (Athens, Greece : 1928), and: Archeion Thrakēs [not in LC]</marcxml:subfield>
  </marcxml:datafield>
  <marcxml:datafield tag="670" ind1=" " ind2=" ">
    <marcxml:subfield code="a">Thrakika (Athens, Greece : 1978). Thrakika, T. 1. (1978):</marcxml:subfield>
    <marcxml:subfield code="b">t.p. (Thrakika : syngramma periodikon ekdidomenon hypo tou en Athēnais "Thrakikou Kentrou" kai tēs "Hetairias Thrakikōn Meletōn") pref. (a continuation of t. 47 of "Thrakika," and t. 39. of "Archeion Thrakēs")</marcxml:subfield>
  </marcxml:datafield>
</marcxml:record>
